@misc{cas2023interpretability,
  author = {Stephen Casper},
  title = {{The Engineer's Interpretability Sequence VI: Critiques of Mechanistic Interpretability Work in AI Safety}},
  howpublished = {"\url{https://www.lesswrong.com/posts/wt7HXaCWzuKQipqz3/eis-vi-critiques-of-mechanistic-interpretability-work-in-ai}"},
  year={2023}
}

@article{olah2017feature,
  title={Feature visualization},
  author={Olah, Chris and Mordvintsev, Alexander and Schubert, Ludwig},
  journal={Distill},
  volume={2},
  number={11},
  year={2017}
}

@article{olah2020zoom,
  title={Zoom in: An introduction to circuits},
  author={Olah, Chris and Cammarata, Nick and Schubert, Ludwig and Goh, Gabriel and Petrov, Michael and Carter, Shan},
  journal={Distill},
  volume={5},
  number={3},
  pages={e00024--001},
  year={2020}
}

@article{elhage2022toy,
  title={Toy Models of Superposition},
  author={Elhage, Nelson and Hume, Tristan and Olsson, Catherine and Schiefer, Nicholas and Henighan, Tom and Kravec, Shauna and Hatfield-Dodds, Zac and Lasenby, Robert and Drain, Dawn and Chen, Carol and others},
  journal={arXiv preprint arXiv:2209.10652},
  year={2022}
}

@article{anwar2017structured,
  title={Structured pruning of deep convolutional neural networks},
  author={Anwar, Sajid and Hwang, Kyuyeon and Sung, Wonyong},
  journal={ACM Journal on Emerging Technologies in Computing Systems (JETC)},
  volume={13},
  number={3},
  pages={1--18},
  year={2017},
  publisher={ACM New York, NY, USA}
}

@article{liu2023seeing,
  title={Seeing is Believing: Brain-Inspired Modular Training for Mechanistic Interpretability},
  author={Liu, Ziming and Gan, Eric and Tegmark, Max},
  journal={arXiv preprint arXiv:2305.08746},
  year={2023}
}

@inproceedings{szegedy2015going,
  title={Going deeper with convolutions},
  author={Szegedy, Christian and Liu, Wei and Jia, Yangqing and Sermanet, Pierre and Reed, Scott and Anguelov, Dragomir and Erhan, Dumitru and Vanhoucke, Vincent and Rabinovich, Andrew},
  booktitle={Proceedings of the IEEE conference on computer vision and pattern recognition},
  pages={1--9},
  year={2015}
}

@inproceedings{deng2009imagenet,
  title={Imagenet: A large-scale hierarchical image database},
  author={Deng, Jia and Dong, Wei and Socher, Richard and Li, Li-Jia and Li, Kai and Fei-Fei, Li},
  booktitle={2009 IEEE conference on computer vision and pattern recognition},
  pages={248--255},
  year={2009},
  organization={Ieee}
}

@article{wang2022interpretability,
  title={Interpretability in the Wild: a Circuit for Indirect Object Identification in GPT-2 small},
  author={Wang, Kevin and Variengien, Alexandre and Conmy, Arthur and Shlegeris, Buck and Steinhardt, Jacob},
  journal={arXiv preprint arXiv:2211.00593},
  year={2022}
}

@article{heusel2017gans,
  title={Gans trained by a two time-scale update rule converge to a local nash equilibrium},
  author={Heusel, Martin and Ramsauer, Hubert and Unterthiner, Thomas and Nessler, Bernhard and Hochreiter, Sepp},
  journal={Advances in neural information processing systems},
  volume={30},
  year={2017}
}
